<?xml version="1.0" encoding="UTF-8"?><record xmlns="http://www.loc.gov/MARC21/slim" xmlns:cinclude="http://apache.org/cocoon/include/1.0" xmlns:zs="http://www.loc.gov/zing/srw/">
  <leader>00442nz  a2200133n  4500</leader>
  <controlfield tag="001">nr 92014739 </controlfield>
  <controlfield tag="003">DLC</controlfield>
  <controlfield tag="005">19920421055957.2</controlfield>
  <controlfield tag="008">920416n| acannaab|          |a aaa     c</controlfield>
  <datafield tag="010" ind1=" " ind2=" ">
    <subfield code="a">nr 92014739 </subfield>
  </datafield>
  <datafield tag="040" ind1=" " ind2=" ">
    <subfield code="a">CtY-Mus</subfield>
    <subfield code="c">CtY-Mus</subfield>
  </datafield>
  <datafield tag="100" ind1="1" ind2="0">
    <subfield code="a">Heinrich, Anthony Philip,</subfield>
    <subfield code="d">1781-1861.</subfield>
    <subfield code="t">Indian fanfares</subfield>
  </datafield>
  <datafield tag="400" ind1="1" ind2="0">
    <subfield code="a">Heinrich, Anthony Philip,</subfield>
    <subfield code="d">1781-1861.</subfield>
    <subfield code="t">Indianerfanfaren</subfield>
  </datafield>
  <datafield tag="670" ind1=" " ind2=" ">
    <subfield code="a">His Indian fanfares, c1987:</subfield>
    <subfield code="b">cover (Indian fanfares = Indianerfanfaren)</subfield>
  </datafield>
</record>